/Users/efc29/Documents/Mendeley BibTeX references/PHD-literature.bib