@Manual{bookdown_package,
  title = {bookdown: Authoring Books and Technical Documents with R Markdown},
  author = {Yihui Xie},
  year = {2018},
  note = {R package version 0.9},
  url = {https://github.com/rstudio/bookdown},
}

@Book{bookdown_book,
  title = {bookdown: Authoring Books and Technical Documents with {R} Markdown},
  author = {Yihui Xie},
  publisher = {Chapman and Hall/CRC},
  address = {Boca Raton, Florida},
  year = {2016},
  note = {ISBN 978-1138700109},
  url = {https://github.com/rstudio/bookdown},
}
@Manual{bookdownplus_package,
  title = {bookdownplus: Generate Assorted Books and Documents with R 'bookdown' Package},
  author = {Peng Zhao},
  year = {2019},
  note = {R package version 1.5.6},
  url = {https://CRAN.R-project.org/package=bookdownplus},
}
